<?xml version="1.0" encoding="UTF-8"?>

<marc21:record xmlns:marc21="http://www.loc.gov/MARC21/slim" xmlns:xsi="http://www.w3.org/2001/XMLSchema-instance" xsi:schemaLocation="http://www.loc.gov/MARC21/slim http://www.loc.gov/standards/marcxml/schema/MARC21slim.xsd">
  <marc21:leader>06141nam a22005537a 4500</marc21:leader>
  <marc21:controlfield tag="001">001052698</marc21:controlfield>
  <marc21:controlfield tag="003">CZ BrMZK</marc21:controlfield>
  <marc21:controlfield tag="005">20070724141940.0</marc21:controlfield>
  <marc21:controlfield tag="007">ta</marc21:controlfield>
  <marc21:controlfield tag="008">070531s1768 ru fr|||||00| ||latod</marc21:controlfield>
  <marc21:datafield tag="040" ind1=" " ind2=" ">
    <marc21:subfield code="a">BOA001</marc21:subfield>
    <marc21:subfield code="b">cze</marc21:subfield>
  </marc21:datafield>
  <marc21:datafield tag="041" ind1="0" ind2=" ">
    <marc21:subfield code="a">lat</marc21:subfield>
    <marc21:subfield code="a">rus</marc21:subfield>
    <marc21:subfield code="a">ger</marc21:subfield>
    <marc21:subfield code="a">ita</marc21:subfield>
    <marc21:subfield code="a">fre</marc21:subfield>
  </marc21:datafield>
  <marc21:datafield tag="072" ind1=" " ind2="7">
    <marc21:subfield code="a">094</marc21:subfield>
    <marc21:subfield code="x">Staré tisky</marc21:subfield>
    <marc21:subfield code="2">Konspekt</marc21:subfield>
    <marc21:subfield code="9">12</marc21:subfield>
  </marc21:datafield>
  <marc21:datafield tag="080" ind1=" " ind2=" ">
    <marc21:subfield code="a">025.171</marc21:subfield>
    <marc21:subfield code="2">MRF</marc21:subfield>
  </marc21:datafield>
  <marc21:datafield tag="100" ind1="1" ind2=" ">
    <marc21:subfield code="a">Komenský, Jan Amos,</marc21:subfield>
    <marc21:subfield code="d">1592-1670</marc21:subfield>
    <marc21:subfield code="7">jk01061444</marc21:subfield>
    <marc21:subfield code="4">aut</marc21:subfield>
  </marc21:datafield>
  <marc21:datafield tag="245" ind1="1" ind2="0">
    <marc21:subfield code="a">Orbis Visibilis In Latina, Rvthenica, Tevtonica, Italica Et Gallica Lingvis Repraesentatus :</marc21:subfield>
    <marc21:subfield code="b">siue succincta introductio, qua declaratur, qui tenerae iuuentuti facili methodo non linguae tantum, rationali exercitatione verum etiam res scitu maxime necessariae instillari debeant, centum quinquaginta et vno capitibus comprehensa, quorum quodlibet inscriptionis ac synopseos loco, dicto e Sacra Scriptvra desumpto, instructum est, &amp;c cum indice vocabulorum praecipuorum Ruthenicorum, qui Dictionarioli, vsibus iuuentutis Ruthenicae inseruituri, vices in quinque linguis implere potest, edita /</marc21:subfield>
    <marc21:subfield code="c">Io. Amos Comenii = Ioanna Amosa Komenija Vidimyj Svjet Na Latinskom, Rossijskom, Nemeckom, Italianskom i Francuzskom Jazykach Predstavlen Ili Kratkoe Vvedenie, Kotorym Iz"jasnjaetsja, Čto Obučajuščemusja Junošestvu Lechkim Sposobom Ne Tol'ko Jazyku, Razumnym Upraženeniem, No Takže i Vešči Dostojnyja Znanija Samonužnejšija Dolžny Byt' Vpereny, Izo Sta Pjatidesjati Odnoj Glavy Sostojaščee ... = Joh. Amos Comenius Sichtbare Welt in Lateinischer, Rußischer, Deutscher, Italiänischer und Französischer Sprache, oder kurze Einleitung, der zarten Jugend auf eine leichte Weise nicht nur die Sprachen durch eine vernünftige Uebung, sondern auch die derselben zu wissen nöthige Sachen beyzubringen, in hundert und ein und funfzig Capiteln verfaßt ... = Il Mondo Visible Di Giovanni Amosso Comenio Nella Lingua Latina, Russa, Tedesca, Italiána Francése, o vero una breve introduzzione per far imperare à la tenera gioventù ďuna maniera facile per un essercitio rationevole non solamente le lingue ... = Le Monde Visible De Jean Amos Comenius En Latin, Russe, Allemand, Italien Et François, ou une courte introduction pour enseigner à la tendre Jeunesse d'une maniere facile par un exercice raisonable non seulement les langues ...</marc21:subfield>
  </marc21:datafield>
  <marc21:datafield tag="246" ind1="3" ind2=" ">
    <marc21:subfield code="a">Vidimyj Svět Na Latinskom, Rossijskom, Německom, Italianskom i Francuzskom Jazykach Predstavlen Ili Kratkoe Vvedenie, Kotorym Iz"jasnjaetsja, Čto Obučajuščemusja Junošestvu Lechkim Sposobom Ne Tol'ko Jazyku, Razumnym Upraženeniem, No Takže i Vešči Dostojnyja Znanija Samonužnějšija Dolžny Byt' Vpereny, Izo Sta Pjatidesjati Odnoj Glavy Sostojaščee, Iz Kotorych Každaja Vměsto Nadpisi i Soderžanija Iz Svjaščennago Pisanija Vzjatym Svidětel'stvom označena, i s reestrom samych nužnějšich Rossijskich Slov, Kotoroj Vměsto Leksikona Dla Upotreblenija Rossijkago Junošestva Služiš Imjeet, Mjesto Na Pjati Jazykach Dopolnit' Možet, Izdannoe</marc21:subfield>
  </marc21:datafield>
  <marc21:datafield tag="246" ind1="3" ind2=" ">
    <marc21:subfield code="a">Sichtbare Welt in Lateinischer, Rußischer, Deutscher, Italiänischer und Französischer Sprache, oder kurze Einleitung, der zarten Jugend auf eine leichte Weise nicht nur die Sprachen durch eine vernünftige Uebung, sondern auch die derselben zu wissen nöthige Sachen beyzubringen, in hundert und ein und funfzig Capiteln verfaßt, davon ein jedes an statt der Auffschrift und des Jnhalts mit einem Spruche aus der Heiligen Schrift versehen ist, und mit einem alphabetischen Register der rußischen Hauptwörter, welches die Stelle eines Wörterbuchs für die rußischen Jugend in fünf Sprachen vertretten kann, heraus gegeben</marc21:subfield>
  </marc21:datafield>
  <marc21:datafield tag="246" ind1="3" ind2=" ">
    <marc21:subfield code="a">Mondo Visible Di Giovanni Amosso Comenio Nella Lingua Latina, Russa, Tedesca, Italiána Francése, o vero una breve introduzzione per far imperare à la tenera gioventù ďuna maniera facile per un essercitio rationevole non solamente le lingue, ma ancora le cose le piu necessarie à sapere, in cento cinquanta ed uno capitoli, deiquali ogniuno in vece dell' inscrizzione e della somma è provisto ďuna sentenza cavata Dalla Santa Scrittvra con un registro alfabetico de vocabuli Russi, che può servire alla gioventù Russa di vocabolario di cinque lingue</marc21:subfield>
  </marc21:datafield>
  <marc21:datafield tag="246" ind1="3" ind2=" ">
    <marc21:subfield code="a">Monde Visible De Jean Amos Comenius En Latin, Russe, Allemand, Italien Et François, ou une courte introduction pour enseigner à la tendre Jeunesse d'une maniere facile par un exercice raisonable non seulement les langues, mais aussi les choses les plus necessaires à savoir, en cent cinquante &amp; un chapitres, dont chacun a à la tête au lieu de l'inscription &amp; du sommaire une sentence tirée de La Sainte Écritvre avec un regitre alphabetique des mots Russes primitives, qui peut servir à la jeunesse Russe de vocabulaire de cinq langues</marc21:subfield>
  </marc21:datafield>
  <marc21:datafield tag="260" ind1=" " ind2=" ">
    <marc21:subfield code="a">[Moskva] :</marc21:subfield>
    <marc21:subfield code="b">Pečatan Pri Imperatorskom Moskovskom Universitetě,</marc21:subfield>
    <marc21:subfield code="c">1768</marc21:subfield>
  </marc21:datafield>
  <marc21:datafield tag="300" ind1=" " ind2=" ">
    <marc21:subfield code="a">[24], 477, [27] s. ;</marc21:subfield>
    <marc21:subfield code="c">8°</marc21:subfield>
  </marc21:datafield>
  <marc21:datafield tag="500" ind1=" " ind2=" ">
    <marc21:subfield code="a">Výzdoba: aperturový titulní dvoulist, vlysy z typografických ozdob, iniciály, linky z typografických ozdob, ozdobné linky, viněty</marc21:subfield>
  </marc21:datafield>
  <marc21:datafield tag="510" ind1="4" ind2=" ">
    <marc21:subfield code="a">SDK,</marc21:subfield>
    <marc21:subfield code="c">602</marc21:subfield>
  </marc21:datafield>
  <marc21:datafield tag="510" ind1="4" ind2=" ">
    <marc21:subfield code="a">Dokoupil. Soupis komenian,</marc21:subfield>
    <marc21:subfield code="c">s. 77, č. 18</marc21:subfield>
  </marc21:datafield>
  <marc21:datafield tag="510" ind1="4" ind2=" ">
    <marc21:subfield code="a">Vobr. Dílo J. A. Komenského,</marc21:subfield>
    <marc21:subfield code="c">197</marc21:subfield>
  </marc21:datafield>
  <marc21:datafield tag="561" ind1=" " ind2=" ">
    <marc21:subfield code="a">Provenience: Koupeno v r. 1928 v antikvariátě L. &amp; A. Brecher Brno</marc21:subfield>
  </marc21:datafield>
  <marc21:datafield tag="563" ind1=" " ind2=" ">
    <marc21:subfield code="a">Původní kožená vazba, lepenkové desky, hnědá teletina, na hřbetě zlacené ornamentální ozdoby</marc21:subfield>
  </marc21:datafield>
  <marc21:datafield tag="648" ind1=" " ind2="7">
    <marc21:subfield code="a">1751-1800</marc21:subfield>
    <marc21:subfield code="2">czenas</marc21:subfield>
  </marc21:datafield>
  <marc21:datafield tag="650" ind1="0" ind2="7">
    <marc21:subfield code="a">historické knihovní fondy</marc21:subfield>
    <marc21:subfield code="2">czenas</marc21:subfield>
  </marc21:datafield>
  <marc21:datafield tag="655" ind1=" " ind2="7">
    <marc21:subfield code="a">staré tisky</marc21:subfield>
    <marc21:subfield code="2">czenas</marc21:subfield>
  </marc21:datafield>
  <marc21:datafield tag="700" ind1="1" ind2=" ">
    <marc21:subfield code="a">Komenský, Jan Amos,</marc21:subfield>
    <marc21:subfield code="d">1592-1670.</marc21:subfield>
    <marc21:subfield code="t">Orbis sensualium pictus</marc21:subfield>
  </marc21:datafield>
  <marc21:datafield tag="910" ind1=" " ind2=" ">
    <marc21:subfield code="b">Ks-0105.133</marc21:subfield>
  </marc21:datafield>
  <marc21:datafield tag="978" ind1=" " ind2=" ">
    <marc21:subfield code="a">Tiskárna univerzitní</marc21:subfield>
    <marc21:subfield code="c">Moskva</marc21:subfield>
    <marc21:subfield code="f">1768</marc21:subfield>
  </marc21:datafield>
  <marc21:datafield tag="984" ind1=" " ind2=" ">
    <marc21:subfield code="a">Moskva</marc21:subfield>
    <marc21:subfield code="b">Rusko</marc21:subfield>
  </marc21:datafield>
  <marc21:datafield tag="990" ind1=" " ind2=" ">
    <marc21:subfield code="a">001052698</marc21:subfield>
  </marc21:datafield>
  <marc21:datafield tag="CAT" ind1=" " ind2=" ">
    <marc21:subfield code="a">BARPRE</marc21:subfield>
    <marc21:subfield code="b">50</marc21:subfield>
    <marc21:subfield code="c">20070724</marc21:subfield>
    <marc21:subfield code="l">MZK03</marc21:subfield>
    <marc21:subfield code="h">1419</marc21:subfield>
  </marc21:datafield>
  <marc21:datafield tag="CAT" ind1=" " ind2=" ">
    <marc21:subfield code="c">20080514</marc21:subfield>
    <marc21:subfield code="l">MZK03</marc21:subfield>
    <marc21:subfield code="h">1639</marc21:subfield>
  </marc21:datafield>
  <marc21:datafield tag="CAT" ind1=" " ind2=" ">
    <marc21:subfield code="c">20080516</marc21:subfield>
    <marc21:subfield code="l">MZK03</marc21:subfield>
    <marc21:subfield code="h">1719</marc21:subfield>
  </marc21:datafield>
  <marc21:datafield tag="CAT" ind1=" " ind2=" ">
    <marc21:subfield code="c">20080930</marc21:subfield>
    <marc21:subfield code="l">MZK03</marc21:subfield>
    <marc21:subfield code="h">1223</marc21:subfield>
  </marc21:datafield>
  <marc21:datafield tag="CAT" ind1=" " ind2=" ">
    <marc21:subfield code="a">BATCH-UPD</marc21:subfield>
    <marc21:subfield code="b">00</marc21:subfield>
    <marc21:subfield code="c">20090213</marc21:subfield>
    <marc21:subfield code="l">MZK03</marc21:subfield>
    <marc21:subfield code="h">2236</marc21:subfield>
  </marc21:datafield>
  <marc21:datafield tag="CAT" ind1=" " ind2=" ">
    <marc21:subfield code="a">MACHJI</marc21:subfield>
    <marc21:subfield code="b">50</marc21:subfield>
    <marc21:subfield code="c">20090217</marc21:subfield>
    <marc21:subfield code="l">MZK03</marc21:subfield>
    <marc21:subfield code="h">1015</marc21:subfield>
  </marc21:datafield>
  <marc21:datafield tag="CAT" ind1=" " ind2=" ">
    <marc21:subfield code="a">MACHJI</marc21:subfield>
    <marc21:subfield code="b">50</marc21:subfield>
    <marc21:subfield code="c">20090217</marc21:subfield>
    <marc21:subfield code="l">MZK03</marc21:subfield>
    <marc21:subfield code="h">1031</marc21:subfield>
  </marc21:datafield>
  <marc21:datafield tag="CAT" ind1=" " ind2=" ">
    <marc21:subfield code="c">20090302</marc21:subfield>
    <marc21:subfield code="l">MZK03</marc21:subfield>
    <marc21:subfield code="h">1435</marc21:subfield>
  </marc21:datafield>
  <marc21:datafield tag="MNS" ind1=" " ind2=" ">
    <marc21:subfield code="a">20080515</marc21:subfield>
  </marc21:datafield>
  <marc21:datafield tag="PRU" ind1=" " ind2=" ">
    <marc21:subfield code="a">VZST 070724 PB</marc21:subfield>
  </marc21:datafield>
  <marc21:datafield tag="SGG" ind1=" " ind2=" ">
    <marc21:subfield code="a">0105.133</marc21:subfield>
  </marc21:datafield>
  <marc21:datafield tag="SKC" ind1=" " ind2=" ">
    <marc21:subfield code="a">20080514</marc21:subfield>
  </marc21:datafield>
</marc21:record>
